<record><leader>00000cas a22000007a 4500</leader><controlfield tag="001">35303377</controlfield><controlfield tag="008">960826d19121920okuwr n       0    0eng d</controlfield><datafield ind1=" " ind2=" " tag="010"><subfield code="a">sn 96093911 </subfield></datafield><datafield ind1=" " ind2=" " tag="040"><subfield code="a">OBN</subfield><subfield code="b">eng</subfield><subfield code="c">OBN</subfield><subfield code="d">OCLCQ</subfield><subfield code="d">OCLCO</subfield></datafield><datafield ind1="1" ind2=" " tag="029"><subfield code="a">AU@</subfield><subfield code="b">000012845389</subfield></datafield><datafield ind1=" " ind2=" " tag="042"><subfield code="a">msc</subfield></datafield><datafield ind1=" " ind2=" " tag="043"><subfield code="a">n-us-ok</subfield></datafield><datafield ind1="0" ind2="4" tag="245"><subfield code="a">The Bluejacket gazette.</subfield></datafield><datafield ind1=" " ind2=" " tag="260"><subfield code="a">Bluejacket, Okla. :</subfield><subfield code="b">Emmett A. Henley</subfield></datafield><datafield ind1=" " ind2=" " tag="300"><subfield code="a">v.</subfield></datafield><datafield ind1=" " ind2=" " tag="310"><subfield code="a">Weekly</subfield></datafield><datafield ind1="0" ind2=" " tag="362"><subfield code="a">Vol. 11, no. 8 (June 6, 1912)-v. 19, no. 23 (Sep. 30, 1920).</subfield></datafield><datafield ind1=" " ind2="0" tag="651"><subfield code="a">Bluejacket (Okla.)</subfield><subfield code="v">Newspapers.</subfield></datafield><datafield ind1=" " ind2="0" tag="651"><subfield code="a">Craig County (Okla.)</subfield><subfield code="v">Newspapers.</subfield></datafield><datafield ind1=" " ind2=" " tag="752"><subfield code="a">United States</subfield><subfield code="b">Oklahoma</subfield><subfield code="c">Craig</subfield><subfield code="d">Bluejacket.</subfield></datafield><datafield ind1="0" ind2="0" tag="780"><subfield code="t">Craig County weekly gazette</subfield><subfield code="w">(DLC)sn 96093910</subfield><subfield code="w">(OCoLC)35303349</subfield></datafield><datafield ind1="0" ind2="0" tag="785"><subfield code="t">Craig County gazette (Vinita, Okla.)</subfield><subfield code="w">(DLC)sn 96093912</subfield><subfield code="w">(OCoLC)35303494</subfield></datafield></record>